
@misc{ref1,
	title = "A survey on learning from data streams: current and future trends",
	howpublished = "\url{}",
}

@misc{ref2,
	title = "Computer Society Digital Library",
	howpublished = "\url{http://doi.ieeecomputersociety.org/10.1109/TKDE.2012.204}",
}

@misc{ref3,
	title={Data Mining With Decision Trees: Theory And Applications},
  author={Lior, R. and Z, M.O.},
  isbn={9789814474184},
  series={Series In Machine Perception And Artificial Intelligence},
  url={https://books.google.es/books?id=U1HICgAAQBAJ},
  year={2007},
  publisher={World Scientific Publishing Company}
}

@misc{ref4,
	title = "Decision tree basics",
	howpublished = "\url{https://bookdown.org/content/2031/arboles-de-decision-parte-i.html#que-son-los-arboles-de-decision}",
}

@misc{ref5,
	title = "Decision tree terminology",
	howpublished = "\url{https://www.researchgate.net/figure/a-describes-the-components-of-a-decision-tree-the-Nodes-represent-the-possible_fig2_303773171}",
}

