
@Article{ref1,
	author="Gama,J.",
	title = "A survey on learning from data streams: current and future trends",
	journal="Progress in Artificial Intelligence",
	volume="Vol. 1",
	year="2012",
	pages="45–55",
	howpublished = "\url{https://doi.org/10.1007/s13748-011-0002-6}"
}

@Article{ref17,
	author="Kotlowski,W. and Slowinski,R.",
	title = "On Nonparametric Ordinal Classification with Monotonicity Constraints",
	journal="Progress in Artificial Intelligence",
	volume="Vol. 25",
	year="2013",
	pages="2576-2589",
	howpublished = "\url{http://doi.ieeecomputersociety.org/10.1109/TKDE.2012.204}"
}

@Book{ref3,
  	author="Lior, R. and Maimon, O.Z.",
	title = "Data Mining With Decision Trees: Theory And Applications",
	volume="69",
	series={Series In Machine Perception And Artificial Intelligence},
	publisher ="World Scientific Publishing Co. Pte. Ldt",
	year="2007",
	pages="264",
	howpublished = "\url{https://books.google.es/books?id=U1HICgAAQBAJ&printsec=frontcover&hl=es#v=onepage&q&f=false}"
}

@misc{ref4,
	title = "Decision tree basics",
	howpublished = "\url{https://bookdown.org/content/2031/arboles-de-decision-parte-i.html#que-son-los-arboles-de-decision}",
}

@Article{ref5,
	author = {Sá, J. and Almeida, A. and Pereira da Rocha, B. and Mota, M. and De Souza, J.S. and Dentel, L.},
	year = {2016},
	month = {03},
	pages = {1-5},
	title = {Lightning Forecast Using Data Mining Techniques On Hourly Evolution Of The Convective Available Potential Energy},
	journal={Brazilian Congress on Computational Intelligence, Fortaleza},
	doi = {10.21528/CBIC2011-27.1},
	howpublished = "\url{https://www.researchgate.net/figure/a-describes-the-components-of-a-decision-tree-the-Nodes-represent-the-possible_fig2_303773171}"
}

@misc{ref6,
	title = "Fórmula RSS, Gini y Entropía",
	howpublished = "\url{https://www.quantstart.com/articles/Beginners-Guide-to-Decision-Trees-for-Supervised-Machine-Learning}",
}

@misc{ref7,
	title = "Fórmula CER",
	howpublished = "\url{https://towardsdatascience.com/everything-you-need-to-know-about-decision-trees-8fcd68ecaa71}",
}

@misc{ref9,
	title = "Definición Hoeffding tree",
	howpublished = "\url{http://weka.sourceforge.net/doc.dev/weka/classifiers/trees/HoeffdingTree.html}",
}

@inproceedings{ref10,
 author = {Manapragada, C. and Webb, G. I. and Salehi, M.},
 title = {Extremely Fast Decision Tree},
 booktitle = {Proceedings of the 24th ACM SIGKDD International Conference on Knowledge Discovery \&\#38; Data Mining},
 series = {KDD '18},
 year = {2018},
 isbn = {978-1-4503-5552-0},
 location = {London, United Kingdom},
 pages = {1953--1962},
 numpages = {10},
 url = {http://doi.acm.org/10.1145/3219819.3220005},
 doi = {10.1145/3219819.3220005},
 acmid = {3220005},
 publisher = {ACM},
 address = {New York, NY, USA},
 keywords = {classification, decision trees, incremental learning},
} 


@misc{ref11,
	title = "Imagen ciclo CVFDT",
	howpublished = "\url{https://studylib.net/doc/9462259/cvfdt-algorithm}",
}

@Book{refff12,
	author="Jadhav,S.A. and Kosbatwar,S.P.",
	title="Concept-adapting very Fast Decision Tree with Misclassification Error",
	volume="5",
	publisher="IJARCET",
	year="2016",
	howpublished = "\url{https://pdfs.semanticscholar.org/a1a4/97e7e6845bfb81ecb5fa02fc80a47001afec.pdf}"
}

@Article{ref13,
	author="Pfahringer,B. and Holmes,G. and Kirkby,R.",
	title = "New Options for Hoeffding Trees",
	journal="Lecture Notes in Computer Science. AI 2007:Advances in Artificial Intelligence",
	volume="Vol. 4830",
	year="2007",
	pages="90-99",
	howpublished = "\url{https://doi.org/10.1007/978-3-540-76928-6_11}"
}

@Article{ref14,
	author="Ben-David,A.",
	title = "Monotonicity Maintenance in Information-Theoretic Machinie Learning Algorithms",
	journal="Machine Learning. Issue 1",
	volume="Vol.19",
	publisher="Kluwer Academic Publishers-Plenum Publishers",
	year="1995",
	pages="29-43",
	howpublished = "\url{https://doi.org/10.1023/A:1022655006810}"
}

@Article{ref15,
	title={Monotonic classification: An overview on algorithms, performance measures and data sets},
  author={Cano,J.R. and Gutiérrez,P.A. and  Krawczyk,B. and Wozniak,M. and García,S.},
  journal="Neurocomputing",
  volume="Vol.341",
  pages="168-182",
  year="2019"
}

@article{ref16,
author="Ben-David, A.",
title="Learning and classification of monotonic ordinal concepts",
journal="Computational Intelligence",
ISSN="",
publisher="",
year="1989",
month="",
volume="5",
number="",
pages="45-49",
URL="https://ci.nii.ac.jp/naid/30026969527/en/",
DOI="10.1111/j.1467-8640.1989.tb00314.x",
}

@misc{ref31,
	title = "Definición MOA",
	howpublished = "\url{https://moa.cms.waikato.ac.nz/}",
}